<record><leader>00000cas a2200000 a 4500</leader><controlfield tag="001">25279856</controlfield><controlfield tag="008">920214d1uuu1915iluwr ne      0    0eng c</controlfield><datafield ind1=" " ind2=" " tag="010"><subfield code="a">sn 92053127 </subfield></datafield><datafield ind1=" " ind2=" " tag="040"><subfield code="a">NVF</subfield><subfield code="b">eng</subfield><subfield code="c">NVF</subfield><subfield code="d">OCLCQ</subfield><subfield code="d">NVF</subfield><subfield code="d">OCLCQ</subfield><subfield code="d">OCLCF</subfield><subfield code="d">OCLCO</subfield><subfield code="d">NVF</subfield></datafield><datafield ind1=" " ind2=" " tag="042"><subfield code="a">pcc</subfield></datafield><datafield ind1=" " ind2=" " tag="043"><subfield code="a">n-us-il</subfield></datafield><datafield ind1="0" ind2=" " tag="130"><subfield code="a">Sucker state (Mahomet, Ill.)</subfield></datafield><datafield ind1="1" ind2="4" tag="245"><subfield code="a">The Sucker state.</subfield></datafield><datafield ind1=" " ind2=" " tag="260"><subfield code="a">Mahomet, Ill. :</subfield><subfield code="b">O.D. Stiles,</subfield><subfield code="c">[1---?]-1915.</subfield></datafield><datafield ind1=" " ind2=" " tag="300"><subfield code="a">v.</subfield></datafield><datafield ind1=" " ind2=" " tag="310"><subfield code="a">Weekly</subfield></datafield><datafield ind1="0" ind2=" " tag="362"><subfield code="a">-v. 36, no. 28 (Apr. 23, 1915).</subfield></datafield><datafield ind1=" " ind2=" " tag="588"><subfield code="a">Description based on: Vol. 32, no. 39 (May 26, 1911).</subfield></datafield><datafield ind1=" " ind2="0" tag="651"><subfield code="a">Mahomet (Ill.)</subfield><subfield code="v">Newspapers.</subfield></datafield><datafield ind1=" " ind2="7" tag="651"><subfield code="a">Illinois</subfield><subfield code="z">Mahomet.</subfield><subfield code="2">fast</subfield><subfield code="0">(OCoLC)fst01227455</subfield></datafield><datafield ind1=" " ind2="7" tag="655"><subfield code="a">Newspapers.</subfield><subfield code="2">fast</subfield><subfield code="0">(OCoLC)fst01423814</subfield></datafield><datafield ind1=" " ind2=" " tag="752"><subfield code="a">United States</subfield><subfield code="b">Illinois</subfield><subfield code="c">Champaign</subfield><subfield code="d">Mahomet.</subfield></datafield><datafield ind1="0" ind2="0" tag="780"><subfield code="t">Mahomet Sucker state (Mahomet, Ill. : 1895)</subfield><subfield code="w">(DLC)sn 92053126</subfield><subfield code="w">(OCoLC)25279809</subfield></datafield><datafield ind1="0" ind2="0" tag="785"><subfield code="t">Mahomet Sucker state (Mahomet, Ill. : 1915)</subfield><subfield code="w">(DLC)sn 92053128</subfield><subfield code="w">(OCoLC)25279939</subfield></datafield><datafield ind1="1" ind2=" " tag="029"><subfield code="a">AU@</subfield><subfield code="b">000020698985</subfield></datafield></record>